<?xml version="1.0" encoding="UTF-8"?><collection xmlns="http://www.loc.gov/MARC21/slim"><record><leader>00378nam--2200133-i-4500</leader><controlfield tag="001">000036533</controlfield><controlfield tag="002">20161230</controlfield><controlfield tag="005">20161230201041</controlfield><controlfield tag="008">060222s1000------------r-----000-0-eng-d</controlfield><datafield ind1=" " ind2=" " tag="080"><subfield code="a">51.01(023):517.1</subfield></datafield><datafield ind1=" " ind2=" " tag="100"><subfield code="a">Polya,G</subfield></datafield><datafield ind1=" " ind2=" " tag="245"><subfield code="a">Mathematics and plausible reasoning. vol.i.induction and analogy in mathematics</subfield></datafield><datafield ind1=" " ind2=" " tag="260"><subfield code="a">Princeton, Univ.Press, 1954. Xvi+280p</subfield></datafield><datafield ind1=" " ind2=" " tag="852"><subfield code="a">12048</subfield></datafield></record></collection>